@site{geeksforgeeks,
  title={Tropological Sort},
  isbn={9781417642595},
  url={https://www.geeksforgeeks.org/topological-sorting/},
}

@site{wikipedia,
  title={DFS},
  isbn={9781417642595},
  url={https://en.wikipedia.org/wiki/Depth-first_search},
}
